
%% Modeling devices' connection and disconnection %%

% Smartphone VS laptop
@inbook{Karlson_Meyers_Jacobs_Johns_Kane_2009, title={Working overtime: Patterns of smartphone and PC usage in the day of an information worker}, booktitle={International Conference on Pervasive Computing}, publisher={Springer}, author={Karlson, Amy K. and Meyers, Brian R. and Jacobs, Andy and Johns, Paul and Kane, Shaun K.}, year={2009}, pages={398–405}}
@inbook{Wagner_Rice_Beresford_2013, title={Device analyzer: Understanding smartphone usage}, booktitle={International Conference on Mobile and Ubiquitous Systems: Computing, Networking, and Services}, publisher={Springer}, author={Wagner, Daniel T. and Rice, Andrew and Beresford, Alastair R.}, year={2013}, pages={195–208}}

% Multi-device
@techreport{google2012,
  title = {The new multi-screen world: Understanding cross-platform consumer behavior.},
  author = {Google},
	url = {http://www.google.com/think/research-studies/the-new-multi-screen-world-study.html},
  year = {2012},
}
@inbook{Muller_Gove_Webb_Cheang_2015, place={New York, NY, USA}, series={OzCHI ’15}, title={Understanding and Comparing Smartphone and Tablet Use: Insights from a Large-Scale Diary Study}, ISBN={978-1-4503-3673-4}, url={http://doi.acm.org/10.1145/2838739.2838748}, DOI={10.1145/2838739.2838748}, booktitle={Proceedings of the Annual Meeting of the Australian Special Interest Group for Computer Human Interaction}, publisher={ACM}, author={Müller, Hendrik and Gove, Jennifer L. and Webb, John S. and Cheang, Aaron}, year={2015}, pages={427–436}, collection={OzCHI ’15}}

@inbook{Jokela_Ojala_Olsson_2015, place={New York, NY, USA}, series={CHI ’15}, title={A Diary Study on Combining Multiple Information Devices in Everyday Activities and Tasks}, ISBN={978-1-4503-3145-6}, url={http://doi.acm.org/10.1145/2702123.2702211}, DOI={10.1145/2702123.2702211}, booktitle={Proceedings of the 33rd Annual ACM Conference on Human Factors in Computing Systems}, publisher={ACM}, author={Jokela, Tero and Ojala, Jarno and Olsson, Thomas}, year={2015}, pages={3903–3912}, collection={CHI ’15}}

% Churn in P2P networks 
@inbook{Stutzbach_Rejaie_2006, title={Understanding churn in peer-to-peer networks}, booktitle={Proceedings of the 6th ACM SIGCOMM conference on Internet measurement}, publisher={ACM}, author={Stutzbach, Daniel and Rejaie, Reza}, year={2006}, pages={189–202}}
@inbook{Yao_Leonard_Wang_Loguinov_2006, title={Modeling Heterogeneous User Churn and Local Resilience of Unstructured P2P Networks}, DOI={10.1109/ICNP.2006.320196}, booktitle={Proceedings of the 2006 IEEE International Conference on Network Protocols}, author={Yao, Z. and Leonard, D. and Wang, X. and Loguinov, D.}, year={2006}, month={Nov}, pages={32–41}}

