@inproceedings{CL-model,
author = {Camenisch, Jan and Lysyanskaya, Anna},
year = {2005},
month = {08},
pages = {169-187},
title = {A Formal Treatment of Onion Routing},
volume = {3621},
doi = {10.1007/11535218_11}
}

@misc{kuhn,
    title={Breaking and (Partially) Fixing Provably Secure Onion Routing},
    author={Christiane Kuhn and Martin Beck and Thorsten Strufe},
    year={2019},
    eprint={1910.13772},
    archivePrefix={arXiv},
    primaryClass={cs.CR}
}
